@article{anderson1985vaccination,
  title={Vaccination and herd immunity to infectious diseases},
  author={Anderson, Roy M and May, Robert M},
  journal={Nature},
  volume={318},
  number={6044},
  pages={323--329},
  year={1985},
  publisher={Nature Publishing Group}
}

@article{smith1984assessment,
  title={Assessment of the protective efficacy of vaccines against common diseases using case-control and cohort studies},
  author={Smith, PG and Rodrigues, LC and Fine, PEM},
  journal={International journal of epidemiology},
  volume={13},
  number={1},
  pages={87--93},
  year={1984},
  publisher={Oxford University Press}
}

@article{iwasaki2020and,
  title={Why and how vaccines work},
  author={Iwasaki, Akiko and Omer, Saad B},
  journal={Cell},
  volume={183},
  number={2},
  pages={290--295},
  year={2020},
  publisher={Elsevier}
}

@article{gog2002dynamics,
  title={Dynamics and selection of many-strain pathogens},
  author={Gog, Julia R and Grenfell, Bryan T},
  journal={Proceedings of the National Academy of Sciences},
  volume={99},
  number={26},
  pages={17209--17214},
  year={2002},
  publisher={National Acad Sciences}
}

@article{gog2002status,
  title={A status-based approach to multiple strain dynamics},
  author={Gog, JR and Swinton, J},
  journal={Journal of mathematical biology},
  volume={44},
  number={2},
  pages={169--184},
  year={2002},
  publisher={Springer}
}

@article{kucharski2016capturing,
  title={Capturing the dynamics of pathogens with many strains},
  author={Kucharski, Adam J and Andreasen, Viggo and Gog, Julia R},
  journal={Journal of mathematical biology},
  volume={72},
  number={1},
  pages={1--24},
  year={2016},
  publisher={Springer}
}

@article{gomes2014missing,
  title={A missing dimension in measures of vaccination impacts},
  author={Gomes, M Gabriela M and Lipsitch, Marc and Wargo, Andrew R and Kurath, Gael and Rebelo, Carlota and Medley, Graham F and Coutinho, Antonio},
  journal={PLoS pathogens},
  volume={10},
  number={3},
  pages={e1003849},
  year={2014},
  publisher={Public Library of Science San Francisco, USA}
}

@article{gandon2003imperfect,
  title={Imperfect vaccination: some epidemiological and evolutionary consequences},
  author={Gandon, Sylvain and Mackinnon, Margaret and Nee, Sean and Read, Andrew},
  journal={Proceedings of the Royal Society of London. Series B: Biological Sciences},
  volume={270},
  number={1520},
  pages={1129--1136},
  year={2003},
  publisher={The Royal Society}
}

@article{wiedermann2016primary,
  title={Primary vaccine failure to routine vaccines: Why and what to do?},
  author={Wiedermann, Ursula and Garner-Spitzer, Erika and Wagner, Angelika},
  journal={Human vaccines \& immunotherapeutics},
  volume={12},
  number={1},
  pages={239--243},
  year={2016},
  publisher={Taylor \& Francis}
}

@article{anderson2020challenges,
  title={{Challenges in creating herd immunity to SARS-CoV-2 infection by mass vaccination}},
  author={Anderson, Roy M and Vegvari, Carolin and Truscott, James and Collyer, Benjamin S},
  journal={The Lancet},
  volume={396},
  number={10263},
  pages={1614--1616},
  year={2020},
  publisher={Elsevier}
}

@article{dyson2021possible,
  title={{Possible future waves of SARS-CoV-2 infection generated by variants of concern with a range of characteristics}},
  author={Dyson, Louise and Hill, Edward M and Moore, Sam and Curran-Sebastian, Jacob and Tildesley, Michael J and Lythgoe, Katrina A and House, Thomas and Pellis, Lorenzo and Keeling, Matt J},
  journal={Nature communications},
  volume={12},
  number={1},
  pages={1--13},
  year={2021},
  publisher={Nature Publishing Group}
}

@article{bubar2021model,
  title={{Model-informed COVID-19 vaccine prioritization strategies by age and serostatus}},
  author={Bubar, Kate M and Reinholt, Kyle and Kissler, Stephen M and Lipsitch, Marc and Cobey, Sarah and Grad, Yonatan H and Larremore, Daniel B},
  journal={Science},
  volume={371},
  number={6532},
  pages={916--921},
  year={2021},
  publisher={American Association for the Advancement of Science}
}

@article{buckner2021dynamic,
  title={{Dynamic prioritization of COVID-19 vaccines when social distancing is limited for essential workers}},
  author={Buckner, Jack H and Chowell, Gerardo and Springborn, Michael R},
  journal={Proceedings of the National Academy of Sciences},
  volume={118},
  number={16},
  pages={e2025786118},
  year={2021},
  publisher={National Acad Sciences}
}

@article{matrajt2021vaccine,
  title={{Vaccine optimization for COVID-19: Who to vaccinate first?}},
  author={Matrajt, Laura and Eaton, Julia and Leung, Tiffany and Brown, Elizabeth R},
  journal={Science Advances},
  volume={7},
  number={6},
  pages={eabf1374},
  year={2021},
  publisher={American Association for the Advancement of Science}
}


@article{marziano2021vaccine,
	Author = {Marziano, Valentina and Guzzetta, Giorgio and Mammone, Alessia and Riccardo, Flavia and Poletti, Piero and Trentini, Filippo and Manica, Mattia and Siddu, Andrea and Bella, Antonino and Stefanelli, Paola and Pezzotti, Patrizio and Ajelli, Marco and Brusaferro, Silvio and Rezza, Giovanni and Merler, Stefano},
	Da = {2021/12/14},
	Date-Added = {2022-08-18 16:15:53 -0400},
	Date-Modified = {2022-08-18 16:15:53 -0400},
	Doi = {10.1038/s41467-021-27532-w},
	Id = {Marziano2021},
	Isbn = {2041-1723},
	Journal = {Nature Communications},
	Number = {1},
	Pages = {7272},
	Title = {{The effect of COVID-19 vaccination in Italy and perspectives for living with the virus}},
	Ty = {JOUR},
	Url = {https://doi.org/10.1038/s41467-021-27532-w},
	Volume = {12},
	Year = {2021},
	Bdsk-Url-1 = {https://doi.org/10.1038/s41467-021-27532-w}}

@article{gozzi2021importance,
  title={{The importance of non-pharmaceutical interventions during the COVID-19 vaccine rollout}},
  author={Gozzi, Nicol{\`o} and Bajardi, Paolo and Perra, Nicola},
  journal={PLoS computational biology},
  volume={17},
  number={9},
  pages={e1009346},
  year={2021},
  publisher={Public Library of Science San Francisco, CA USA}
}

@article{park2022intermediate,
  title={Intermediate levels of asymptomatic transmission can lead to the highest levels of epidemic fatalities},
  author={Park, Sang Woo and Dushoff, Jonathan and Grenfell, Bryan and Weitz, Joshua S},
  journal={medRxiv},
  year={2022},
  publisher={Cold Spring Harbor Laboratory Press}
}

@article{lavine2011natural,
  title={Natural immune boosting in pertussis dynamics and the potential for long-term vaccine failure},
  author={Lavine, Jennie S and King, Aaron A and Bj{\o}rnstad, Ottar N},
  journal={Proceedings of the National Academy of Sciences},
  volume={108},
  number={17},
  pages={7259--7264},
  year={2011},
  publisher={National Acad Sciences}
}

@article{yang2020waning,
  title={Waning immunity and re-emergence of measles and mumps in the vaccine era},
  author={Yang, Luojun and Grenfell, Bryan T and Mina, Michael J},
  journal={Current opinion in virology},
  volume={40},
  pages={48--54},
  year={2020},
  publisher={Elsevier}
}

@article{farrington1993estimation,
  title={Estimation of vaccine effectiveness using the screening method},
  author={Farrington, CP},
  journal={International journal of epidemiology},
  volume={22},
  number={4},
  pages={742--746},
  year={1993},
  publisher={Oxford University Press}
}


@article{perez2022,
	Author = {P{\'e}rez-Al{\'o}s, Laura and Armenteros, Jose Juan Almagro and Madsen, Johannes Roth and Hansen, Cecilie Bo and Jarlhelt, Ida and Hamm, Sebastian Rask and Heftdal, Line Dam and Pries-Heje, Mia Marie and M{\o}ller, Dina Leth and Fogh, Kamille and Hasselbalch, Rasmus Bo and Rosbjerg, Anne and Brunak, S{\o}ren and S{\o}rensen, Erik and Larsen, Margit Anita H{\o}rup and Ostrowski, Sisse Rye and Frikke-Schmidt, Ruth and Bayarri-Olmos, Rafael and Hilsted, Linda Maria and Iversen, Kasper Karmark and Bundgaard, Henning and Nielsen, Susanne Dam and Garred, Peter},
	Journal = {Nature Communications},
	Number = {1},
	Pages = {1614},
	Title = {{Modeling of waning immunity after SARS-CoV-2 vaccination and influencing factors}},
	Volume = {13},
	Year = {2022}}

@article{lewnard2018vaccine,
  title={{Vaccine waning and mumps re-emergence in the United States}},
  author={Lewnard, Joseph A and Grad, Yonatan H},
  journal={Science translational medicine},
  volume={10},
  number={433},
  pages={eaao5945},
  year={2018},
  publisher={American Association for the Advancement of Science}
}

@article{heffernan2009implications,
  title={Implications of vaccination and waning immunity},
  author={Heffernan, JM and Keeling, MJ},
  journal={Proceedings of the Royal Society B: Biological Sciences},
  volume={276},
  number={1664},
  pages={2071--2080},
  year={2009},
  publisher={The Royal Society London}
}

@book{halloran2009design,
  title={Design and Analysis of Vaccine Studies},
  author={Halloran, M.E. and Longini, I.M. and Struchiner, C.J.},
  isbn={9780387686363},
  lccn={2009938829},
  series={Statistics for Biology and Health},
  url={https://books.google.com/books?id=OWFDAAAAQBAJ},
  year={2009},
  publisher={Springer New York}
}

@article{halloran1991direct,
  title={Direct and indirect effects in vaccine efficacy and effectiveness},
  author={Halloran, M Elizabeth and Haber, Michael and Longini Jr, Ira M and Struchiner, Claudio J},
  journal={American journal of epidemiology},
  volume={133},
  number={4},
  pages={323--331},
  year={1991},
  publisher={Oxford University Press}
}

@article{lipsitch2021interpreting,
  title={Interpreting vaccine efficacy trial results for infection and transmission},
  author={Lipsitch, Marc and Kahn, Rebecca},
  journal={Vaccine},
  volume={39},
  number={30},
  pages={4082--4088},
  year={2021},
  publisher={Elsevier}
}

@article{rinta2009estimation,
  title={Estimation of vaccine efficacy against acquisition of pneumococcal carriage},
  author={Rinta-Kokko, Hanna and Dagan, Ron and Givon-Lavi, Noga and Auranen, Kari},
  journal={Vaccine},
  volume={27},
  number={29},
  pages={3831--3837},
  year={2009},
  publisher={Elsevier}
}

@article{lipsitch2019challenges,
  title={Challenges of vaccine effectiveness and waning studies},
  author={Lipsitch, Marc},
  journal={Clinical Infectious Diseases},
  volume={68},
  number={10},
  pages={1631--1633},
  year={2019},
  publisher={Oxford University Press US}
}

@article{kahn2022identifying,
  title={Identifying and alleviating bias due to differential depletion of susceptible people in postmarketing evaluations of COVID-19 vaccines},
  author={Kahn, Rebecca and Schrag, Stephanie J and Verani, Jennifer R and Lipsitch, Marc},
  journal={American journal of epidemiology},
  volume={191},
  number={5},
  pages={800--811},
  year={2022},
  publisher={Oxford University Press}
}

@article{halloran1992interpretation,
  title={Interpretation and estimation of vaccine efficacy under heterogeneity},
  author={Halloran, M Elizabeth and Haber, Michael and Longini Jr, Ira M},
  journal={American Journal of Epidemiology},
  volume={136},
  number={3},
  pages={328--343},
  year={1992},
  publisher={Oxford University Press}
}

@article{lind2023evidence,
  title={{Evidence of leaky protection following COVID-19 vaccination and SARS-CoV-2 infection in an incarcerated population}},
  author={Lind, Margaret L and Dorion, Murilo and Houde, Amy J and Lansing, Mary and Lapidus, Sarah and Thomas, Russell and Yildirim, Inci and Omer, Saad B and Schulz, Wade L and Andrews, Jason R and others},
  journal={Nature communications},
  volume={14},
  number={1},
  pages={5055},
  year={2023},
  publisher={Nature Publishing Group UK London}
}

@article{langwig2017vaccine,
  title={Vaccine effects on heterogeneity in susceptibility and implications for population health management},
  author={Langwig, Kate E and Wargo, Andrew R and Jones, Darbi R and Viss, Jessie R and Rutan, Barbara J and Egan, Nicholas A and S{\'a}-Guimar{\~a}es, Pedro and Kim, Min Sun and Kurath, Gael and Gomes, M Gabriela M and others},
  journal={mbio},
  volume={8},
  number={6},
  pages={10--1128},
  year={2017},
  publisher={Am Soc Microbiol}
}
